<?xml version="1.0" encoding="UTF-8"?><collection xmlns="http://www.loc.gov/MARC21/slim"><record><leader>00295nam--2200121-i-4500</leader><controlfield tag="001">000008525</controlfield><controlfield tag="002">20161230</controlfield><controlfield tag="005">20161230201027</controlfield><controlfield tag="008">060222s1000------------r-----000-0-eng-d</controlfield><datafield ind1=" " ind2=" " tag="245"><subfield code="a">Le centre de la casaccia</subfield></datafield><datafield ind1=" " ind2=" " tag="260"><subfield code="a">Roma, Comitato Nazionale Energ.Nucleare, 1968</subfield></datafield><datafield ind1=" " ind2=" " tag="490"><subfield code="a">16 P</subfield></datafield><datafield ind1=" " ind2=" " tag="852"><subfield code="a">061.6</subfield></datafield></record></collection>